@article{knuth84,
  author = {Knuth, Donald E.},
  title = {Literate Programming},
  year = {1984},
  issue_date = {May 1984},
  publisher = {Oxford University Press, Inc.},
  address = {USA},
  volume = {27},
  number = {2},
  issn = {0010-4620},
  url = {https://doi.org/10.1093/comjnl/27.2.97},
  doi = {10.1093/comjnl/27.2.97},
  journal = {Comput. J.},
  month = may,
  pages = {97–111},
  numpages = {15}
}



@book{europakokontseiluaHizkuntzenIkaskuntzaIrakaskuntza2005,
  title = {{Hizkuntzen Ikaskuntza Irakaskuntza eta Ebaluaziorako Europako Erreferentzia Markoa}},
  shorttitle = {{Europako Erreferentzia Markoa}},
  author = {{Europako Kontseilua}},
  translator = {{Rosetta. Testu zerbitzuak} and {HABE testu zerbitzuak}},
  year = {2005},
  publisher = {{HABE}},
  address = {{Vitoria-Gasteiz}},
  urldate = {2017-01-30},
  isbn = {978-84-95827-90-6},
  langid = {basque},
  annotation = {ZSCC: 0000000[s0]},
  file = {/home/juan/Nextcloud/EHUBOX/Zotero-liburutegia/E/Europako_Kontseilua_2005_Hizkuntzen_Ikaskuntza_Irakaskuntza_eta_Ebaluaziorako_Europako_Erreferentzia.pdf}
}


@book{europakokontseiluaCommonEuropeanFramework2020,
  title = {Common {{European Framework}} of {{Reference}} for {{Languages}}: {{Learning}}, {{Teaching}}, {{Assessment}} -- Companion Volume},
  author = {{Europako Kontseilua}},
  year = {2020},
  publisher = {{Council of Europe Publishing}},
  address = {{Estrasburgo}},
  isbn = {978-92-871-8621-8},
  langid = {english},
  annotation = {ZSCC: 0000000[s0]  OCLC: 1225188338},
  file = {/home/juan/Deskargak/mdnotes/europakokontseiluaCommonEuropeanFramework2020 - Extracted Annotations (1222021, 45611 PM).md;/home/juan/Deskargak/mdnotes/europakokontseiluaCommonEuropeanFramework2020.md;/home/juan/Nextcloud/EHUBOX/Zotero-liburutegia/E/Europako_Kontseilua_2020_Common_European_Framework_of_Reference_for_Languages.pdf}
}


@book{davisHizkuntzenPortfolioEuroparra2004,
  title = {{Hizkuntzen portfolio europarra}},
  author = {Davis, Robin and Hirtzel, Marianne and Brian, North},
  editor = {{Europako Kontseilua}},
  translator = {{Eusko Jaurlaritza}},
  year = {2004},
  edition = {1. arg},
  publisher = {{Eusko Jaurlaritzaren Argitalpen Zerbitzu Nagusia}},
  address = {{Vitoria-Gasteiz}},
  isbn = {978-84-457-2042-4},
  langid = {spanish},
  annotation = {OCLC: 433027787},
  file = {/home/juan/Nextcloud/EHUBOX/Zotero-liburutegia/D/Davis_et_al_2004_Hizkuntzen_portfolio_europarra.pdf}
}


@book{alariotriguerosPortfolioEuropeoLenguas2004,
  title = {{Portfolio europeo de las lenguas, 3-7 a\~nos : Mi primer portfolio = My first portfolio = Mon premier portfolio. Gu\'ia did\'actica}},
  author = {Alario Trigueros, M{\textordfeminine} del Carmen and Alonso Ramirez, M{\textordmasculine} de la Calle and Gomez Romero, M{\textordfeminine} Bel{\'e}n and Robledo Ortega, Miguel Angel},
  editor = {{Ministerio de Educaci\'on, Cultura y Deporte. Espa\~na}},
  year = {2004},
  publisher = {{Secretar\'ia General de Informaci\'on y formaci\'on profesional}},
  address = {{Madrid}},
  langid = {spanish}
}


@article{delorsEducacionEncierraTesoro1997,
  title = {La Educaci\'on Encierra Un Tesoro},
  author = {Delors, Jacques},
  year = {1997},
  urldate = {2017-04-25},
  keywords = {⛔ No DOI found},
  annotation = {07325},
  file = {/home/juan/Nextcloud/EHUBOX/Zotero-liburutegia/D/Delors_1997_La_educacion_encierra_un_tesoro.PDF}
}


@book{euskojaurlaritzaOinarrizkoGaitasunakEAEko2008,
  title = {{Oinarrizko Gaitasunak EAEko Hezkuntza Sisteman}},
  shorttitle = {{Oinarrizko Gaitasunak EAEko Hezkuntza Sisteman}},
  author = {Eusko Jaurlaritza and {Berritzegune nagusia} and Hezkuntza Saila},
  year = {2008},
  publisher = {{Hezkuntza, Unibertsitate eta Ikerketa Saila}},
  isbn = {84-7749-019-8},
  langid = {basque},
  lccn = {0000},
  file = {/home/juan/Nextcloud/EHUBOX/Zotero-liburutegia/E/Eusko_Jaurlaritza_et_al_2008_Oinarrizko_Gaitasunak_EAEko_Hezkuntza_Sisteman.pdf}
}


@book{unescoHaciaSociedadesConocimiento2005,
  title = {{Hacia las sociedades del conocimiento.}},
  author = {{Unesco}},
  year = {2005},
  publisher = {{Unesco}},
  address = {{Paris, Francia}},
  isbn = {978-92-3-304000-7},
  langid = {spanish},
  keywords = {\#nosource},
  annotation = {00045  OCLC: 70225624}
}


@book{organisationforeconomicco-operationDefinitionSelectionKey2005,
  title = {The Definition and Selection of Key Competencies: {{Executive}} Summary},
  author = {{Organisation for Economic Co-operation} and {Development (OECD)}},
  year = {2005},
  publisher = {{OECD Paris}},
  annotation = {00072},
  file = {/home/juan/Nextcloud/EHUBOX/Zotero-liburutegia/O/Organisation_for_Economic_Co-operation_Development_(OECD)_2005_The_definition_and_selection_of_key_competencies.pdf}
}


@article{celce-murciaCommunicativeCompetencePedagogically1995,
  title = {Communicative {{Competence}}: {{A Pedagogically Motivated Model}} with {{Content Specifications}}},
  shorttitle = {Communicative {{Competence}}},
  author = {{Celce-Murcia}, Marianne and Dornyei, Zoltan and Thurrell, Sarah},
  year = {1995},
  month = dec,
  journal = {Issues in Applied Linguistics},
  volume = {6},
  number = {2},
  issn = {1050-4273},
  urldate = {2017-04-25},
  keywords = {⛔ No DOI found},
  annotation = {00791},
  file = {/home/juan/Nextcloud/EHUBOX/Zotero-liburutegia/C/Celce-Murcia_et_al_1995_Communicative_Competence.pdf}
}


@inbook{canaleCommunicativeCompetenceCommunicative1983,
  title = {From Communicative Competence to Communicative Language Pedagogy},
  booktitle = {Language and Communication},
  author = {Canale, Michael},
  year = {1983},
  volume = {1},
  pages = {1--47},
  publisher = {{Longman}},
  address = {{New York}},
  collaborator = {Richards, Jack and Schmidt, Richard},
  keywords = {\#nosource},
  annotation = {02993}
}


@article{canaleTheoreticalBasesCommunicative1980,
  title = {Theoretical Bases of Communicative Approaches to Second Language Teaching and Testing},
  author = {Canale, M. and Swain, M.},
  year = {1980},
  journal = {Applied linguistics},
  volume = {1},
  number = {1},
  lccn = {3429},
  keywords = {❓ Multiple DOI},
  annotation = {05042},
  file = {/home/juan/Nextcloud/EHUBOX/Zotero-liburutegia/C/Canale_Swain_1980_Theoretical_bases_of_communicative_approaches_to_second_language_teaching_and.pdf}
}


@article{hezkuntzasaila752023DEKRETUA2023,
  title = {{75/2023 DEKRETUA, maiatzaren 30ekoa, Haur Hezkuntzaren curriculuma zehaztu eta Euskal Autonomia Erkidegoan ezartzekoa.}},
  author = {{Hezkuntza Saila}},
  year = {2023},
  month = jun,
  journal = {Euskal Herriko Agintaritzaren Aldizkaria},
  number = {109},
  pages = {1--41},
  urldate = {2023-06-22},
  langid = {basque},
  file = {/home/juan/Nextcloud/EHUBOX/Zotero-liburutegia/R/Hezkuntza Saila - 2023 - 752023 DEKRETUA, maiatzaren 30ekoa, Haur Hezkuntz.pdf;/home/juan/Zotero-db/storage/4F76SPJK/eu.html}
}


@article{hezkuntzasaila772023DEKRETUA2023,
  title = {{77/2023 DEKRETUA, maiatzaren 30ekoa, Oinarrizko Hezkuntzaren curriculuma zehaztu eta Euskal Autonomia Erkidegoan ezartzekoa.}},
  author = {{Hezkuntza Saila}},
  year = {2023},
  month = jun,
  journal = {Euskal Herriko Agintaritzaren Aldizkaria},
  number = {109},
  pages = {1--374},
  urldate = {2023-06-22},
  langid = {basque},
  file = {/home/juan/Nextcloud/EHUBOX/Zotero-liburutegia/H/Hezkuntza_Saila_2023_77-2023_DEKRETUA,_maiatzaren_30ekoa,_Oinarrizko_Hezkuntzaren_curriculuma.pdf;/home/juan/Zotero-db/storage/X44E494B/eu.html}
}


@book{oihartzabalHezkuntzaIkerkuntzarakoHiztegia2000,
  title = {{Hezkuntza ikerkuntzarako hiztegia}},
  author = {Oihartzabal, Lontxo},
  year = {2000},
  series = {{Unibertsitate Saila}},
  publisher = {{Erein}},
  address = {{Donostia}},
  isbn = {978-84-7568-877-0},
  langid = {basque},
  annotation = {00003  OCLC: 47710850}
}


@misc{euskojaurlaritzahezkuntzahizkuntzapolitikaetakulturasailaOinarrizkoHezkuntzaCurriculuma2016,
  title = {{Oinarrizko Hezkuntza Curriculuma (236/2015eko Dekretuaren II. eranskina osatzen duen curriculum orientatzailea}},
  shorttitle = {{Curriculum orientatzailea}},
  author = {{Eusko Jaurlaritza (Hezkuntza, Hizkuntza Politika eta Kultura Saila)}},
  year = {2016},
  month = sep,
  publisher = {{Eusko Jaurlaritza}},
  urldate = {2023-01-31},
  langid = {basque},
  file = {/home/juan/Zotero-db/storage/BPSR3EEJ/064da273-0e61-c16a-9197-5bab01bab72a.pdf}
}


@misc{euskojaurlaritzarenlegebiltzarraOinarrizkoHezkuntzakoCurriculuma2015,
  title = {{Oinarrizko Hezkuntzako Curriculuma (236/2015 Dekretuaren II. eranskina osatzen duen curriculum orientatzailea)}},
  shorttitle = {{Heziberri 2020}},
  author = {{Eusko Jaurlaritzaren legebiltzarra}},
  year = {2015},
  journal = {Hezkuntza Saila},
  urldate = {2018-03-08},
  howpublished = {http://www.hezkuntza.ejgv.euskadi.eus/contenidos/informacion/heziberri\_2020/eu\_2\_proyec/adjuntos/OH\_curriculum\_osoa.pdf},
  langid = {basque},
  annotation = {00000},
  file = {/home/juan/Nextcloud/EHUBOX/Zotero-liburutegia/E/Eusko_Jaurlaritzaren_legebiltzarra_2015_Oinarrizko_Hezkuntzako_Curriculuma_(236-2015_Dekretuaren_II.pdf}
}


@article{maiaHezkuntzaElebidunaEuskal2014,
  title = {{Hezkuntza elebiduna Euskal Herrian: 30 urteko ibilialdia}},
  shorttitle = {{Hezkuntza elebiduna Euskal Herrian}},
  author = {Maia, Julian},
  year = {2014},
  journal = {Euskera: Euskaltzaindiaren lan eta agiriak},
  volume = {59},
  number = {2},
  pages = {579--628},
  publisher = {{Euskaltzaindia}},
  issn = {0210-1564},
  urldate = {2021-01-08},
  chapter = {Euskera: Euskaltzaindiaren lan eta agiriak = Trabajos y actas de la Real Academia de la Lengua Vasca = Travaux et actes de l'Academie de la Langue basque},
  langid = {baq},
  annotation = {00000},
  file = {/home/juan/Nextcloud/EHUBOX/Zotero-liburutegia/M/Maia_2014_Hezkuntza_elebiduna_Euskal_Herrian.pdf}
}


@book{diazdegerenulasagaEuskaraOinarriEta2021,
  title = {{Euskara oinarri eta eleaniztasuna helburu. Hizkuntzen garapena eta erabilera aztergai}},
  editor = {{Diaz de Gere{\~n}u Lasaga}, Leire and Manterola, Ibon and {Garc{\'i}a-Azkoaga}, In{\'e}s Mar{\'i}a},
  year = {2021},
  publisher = {{UPV/EHU}},
  address = {{Bilbao}},
  doi = {10/53082},
  urldate = {2023-07-18},
  copyright = {info:eu-repo/semantics/openAccess},
  isbn = {978-84-13-19342-7},
  langid = {spanish},
  annotation = {Accepted: 2021-09-14T14:39:28Z},
  file = {/home/juan/Nextcloud/EHUBOX/Zotero-liburutegia/D/Diaz_de_Gerenu_Lasaga_et_al_2021_Euskara_oinarri_eta_eleaniztasuna_helburu.pdf}
}


@article{larranagaHezkuntzaEleaniztunaPrograma2005,
  title = {{Hezkuntza Eleaniztuna Programa}},
  author = {Larra{\~n}aga, Jokin and Aliaga, Rosa and Ru{\'i}z P{\'e}rez, Teresa},
  year = {2005},
  journal = {Jakingarriak},
  number = {57},
  pages = {44--49},
  publisher = {{Humanitate eta Hezkuntza Zientzien Fakultatea}},
  issn = {1697-6215},
  urldate = {2021-01-08},
  chapter = {Jakingarriak},
  langid = {baq},
  keywords = {\#nosource},
  annotation = {00000}
}


@book{cumminsLanguagePowerPedagogy2000,
  title = {Language, {{Power}} and {{Pedagogy}}: {{Bilingual Children}} in the {{Crossfire}}.},
  shorttitle = {Language, {{Power}} and {{Pedagogy}}},
  author = {Cummins, Jim},
  year = {2000},
  series = {Bilingual {{Education}} and {{Bilingualism}}},
  number = {23},
  publisher = {{Multilingual Matters}},
  address = {{Clevedon}},
  isbn = {978-1-85359-473-1},
  langid = {english},
  annotation = {05478},
  file = {/home/juan/Nextcloud/EHUBOX/Zotero-liburutegia/C/Cummins_2000_Language,_Power_and_Pedagogy.pdf}
}


@inproceedings{cumminsHipotesisInterdependencia252005,
  title = {{La hip\'otesis de la interdependencia 25 a\~nos despu\'es: la investigaci\'on actual y sus implicaciones para la educaci\'on biling\"ue}},
  shorttitle = {{La hip\'otesis de la interdependencia 25 a\~nos despu\'es}},
  booktitle = {{Multiling\"uismo y multiculturalismo en la escuela, 2005, ISBN 84-96108-20-1, p\'ags. 113-132}},
  author = {Cummins, Jim},
  year = {2005},
  pages = {113--132},
  publisher = {{Instituto de Ciencias de la Educaci\'on}},
  urldate = {2021-01-08},
  chapter = {Multiling\"uismo y multiculturalismo en la escuela},
  isbn = {978-84-96108-20-2},
  langid = {spanish},
  annotation = {00073}
}


@article{debotBilingualProductionModel1992,
  title = {A Bilingual Production Model: {{Levelt}}'s '{{Speaking}}' Model Adapted},
  shorttitle = {A Bilingual Production Model},
  author = {De Bot, Kees},
  year = {1992},
  journal = {Applied Linguistics},
  volume = {13},
  number = {1},
  pages = {1--24},
  issn = {0142-6001},
  doi = {10/c7n3k5},
  urldate = {2014-05-22},
  langid = {english},
  annotation = {00002},
  file = {/home/juan/Nextcloud/EHUBOX/Zotero-liburutegia/D/De_Bot_1992_A_bilingual_production_model.pdf}
}


@book{leveltSpeakingIntentionArticulation1993,
  title = {Speaking: From Intention to Articulation},
  shorttitle = {Speaking},
  author = {Levelt, Willem JM},
  year = {1993},
  series = {{{ACL-MIT Press}} Series in Natural-Language Processing},
  publisher = {{MIT Press}},
  address = {{Cambridge, Massachusetts}},
  isbn = {0-262-62089-8},
  langid = {english},
  lccn = {159.955.652},
  keywords = {Actos del habla,Comunicaci\'on oral,L1,L2,Language Arts \& Disciplines / General,Psicoling\"u\'istica,Psycholinguistics,Psychology / Cognitive Psychology,Speech},
  annotation = {09268},
  file = {/home/juan/Nextcloud/EHUBOX/Zotero-liburutegia/L/Levelt_1993_Speaking.epub}
}


@book{segalowitzCognitiveBasesSecond2010,
  title = {Cognitive {{Bases}} of {{Second Language Fluency}}},
  author = {Segalowitz, Norman},
  year = {2010},
  publisher = {{Routledge}},
  address = {{New York}},
  isbn = {978-0-8058-5662-0},
  langid = {english},
  keywords = {Language Arts \& Disciplines / General,Language Arts \& Disciplines / Linguistics / General,Language Arts \& Disciplines / Linguistics / Psycholinguistics,Psychology / Cognitive Psychology},
  annotation = {00508},
  file = {/home/juan/Nextcloud/EHUBOX/Zotero-liburutegia/S/Segalowitz_2010_Cognitive_Bases_of_Second_Language_Fluency.pdf;/home/juan/Zotero-db/storage/MFGX7NV6/Segalowitz_2010_Cognitive Bases of Second Language Fluency.jpeg}
}


@article{bikandiProyectoLinguisticoCentro1997,
  title = {{El proyecto ling\"u\'istico de centro}},
  author = {Bikandi, Uri Ruiz and Miret, Ines},
  year = {1997},
  journal = {Textos de did\'actica de la lengua y la literatura},
  number = {13},
  pages = {5--8},
  publisher = {{Gra\'o}},
  issn = {1133-9829},
  urldate = {2021-01-08},
  chapter = {Textos de did\'actica de la lengua y la literatura},
  langid = {spanish},
  annotation = {00004}
}


@book{ruizbikandiBigarrenHizkuntzarenDidaktika2010,
  ids = {ruizbikandiBigarrenHizkuntzarenDidaktika2009},
  title = {{Bigarren hizkuntzaren didaktika Haur eta Lehen Hezkuntzan}},
  author = {Ruiz Bikandi, Uri and Igerabide, Juan Kruz},
  translator = {I{\~n}urrieta Labaien, I{\~n}aki},
  year = {2010},
  publisher = {{Universidad del Pa\'is Vasco}},
  isbn = {978-84-9860-316-3},
  langid = {spanish},
  keywords = {\#nosource,Adquisici\'on,Educaci\'on preescolar,Ense\~nanza primaria,Segunda lengua},
  annotation = {00000}
}


@book{euskalherrikoikastolenkonfederazioaIkastolenHizkuntzProiektua2009,
  title = {{Ikastolen Hizkuntz Proiektua}},
  author = {{Euskal Herriko Ikastolen Konfederazioa}},
  year = {2009},
  publisher = {{Euskal Herriko Ikastolen Konfederazioa}},
  address = {{Zamudio}},
  isbn = {84-37006901-27-7},
  langid = {basque},
  keywords = {\#nosource},
  annotation = {00006}
}


@misc{europakokontseiluaComunicacionComisionParlamento2005,
  title = {{Comunicaci\'on de la Comisi\'on al Parlamento Europeo y al Consejo - El indicador europeo de competencia ling\"u\'istica}},
  author = {{Europako Kontseilua}},
  year = {2005},
  urldate = {2023-09-15},
  langid = {spanish},
  file = {/home/juan/Nextcloud/EHUBOX/Zotero-liburutegia/undefined/2005_Comunicacion_de_la_Comision_al_Parlamento_Europeo_y_al_Consejo_-_El_indicador.pdf;/home/juan/Zotero-db/storage/P5QWDARM/HTML.html}
}


@book{europakokontseiluaHizkuntzenEuropakoErreferentzia2022,
  title = {{Hizkuntzen Europako Erreferentzia Marko Bateratua: ikaskuntza, irakaskuntza, ebaluazioa - Liburu osagarria}},
  shorttitle = {{Hizkuntzen Europako Erreferentzia Marko Bateratua}},
  author = {{Europako Kontseilua}},
  year = {2022},
  month = jul,
  publisher = {{HABE}},
  doi = {10.54512/EEMBLO-2022},
  urldate = {2023-09-15},
  isbn = {978-84-96769-12-0},
  langid = {basque},
  file = {/home/juan/Zotero-db/storage/92ST666G/Europako Kontseilua - 2022 - Hizkuntzen Europako Erreferentzia Marko Bateratua.pdf}
}


@misc{europakoparlamentuaPoliticaLinguisticaFichas2023,
  title = {{La pol\'itica ling\"u\'istica | Fichas tem\'aticas sobre la Uni\'on Europea | Parlamento Europeo}},
  author = {{Europako Parlamentua}},
  year = {2023},
  month = feb,
  urldate = {2023-09-15},
  howpublished = {https://www.europarl.europa.eu/factsheets/es/sheet/142/la-politica-linguistica},
  langid = {spanish},
  file = {/home/juan/Zotero-db/storage/YKCHMRWQ/la-politica-linguistica.html}
}


@book{alariotriguerosNireLehenPortfolioa2000,
  title = {{Nire lehen portfolioa. Gida Didaktikoa}},
  author = {Alario Trigueros, M{\textordfeminine} del Carmen and Alonso Ramirez, M{\textordmasculine} de la Calle and Gomez Romero, M{\textordfeminine} Bel{\'e}n and Robledo Ortega, Miguel Angel},
  translator = {{Hezkuntza, Unibertsitate eta Ikerketa Saila}},
  year = {2000},
  publisher = {{Europako Kontseilua}},
  address = {{Estras}},
  urldate = {2023-09-23},
  langid = {basque},
  file = {/home/juan/Zotero-db/storage/TLWC3L3N/500004e_Pub_MEC_Portfolioa_02_e.pdf}
}


@book{alariotriguerosNireLehenPortfolioa2000,
  title = {{Nire lehen portfolioa. Gida Didaktikoa}},
  author = {Alario Trigueros, M{\textordfeminine} del Carmen and Alonso Ramirez, M{\textordmasculine} de la Calle and Gomez Romero, M{\textordfeminine} Bel{\'e}n and Robledo Ortega, Miguel Angel},
  translator = {{Hezkuntza, Unibertsitate eta Ikerketa Saila}},
  year = {2000},
  publisher = {{Europako Kontseilua}},
  address = {{Estras}},
  urldate = {2023-09-23},
  langid = {basque},
  file = {/home/juan/Zotero-db/storage/TLWC3L3N/500004e_Pub_MEC_Portfolioa_02_e.pdf}
}


@book{europakokontseiluaNireDosierraHizkuntzen2004,
  title = {{Nire dosierra. Hizkuntzen Portfolio Europarra. Lehen Hezkuntza (8-12 urte). Egiaztatutako eredua: N\textordmasculine{} 51.2003 zk.}},
  author = {{Europako Kontseilua}},
  year = {2004},
  edition = {euskara},
  publisher = {{Ministerio de Educaci\'on y Cultura (Esp)}},
  address = {{Sapin}},
  urldate = {2023-09-23},
  langid = {basque},
  file = {/home/juan/Nextcloud/EHUBOX/Zotero-liburutegia/E/Europako_Kontseilua_2004_Nire_dosierra.pdf}
}


@book{europakokontseiluaNireHizkuntzeabiografiaHizkuntzen2004,
  title = {{Nire hizkuntzea-biografia. Hizkuntzen Portfolio Europarra. Lehen Hezkuntza (8-12 urte). Egiaztatutako eredua: N\textordmasculine{} 51.2003 zk.}},
  author = {{Europako Kontseilua}},
  year = {2004},
  edition = {euskara},
  publisher = {{Ministerio de Educaci\'on y Cultura (Esp)}},
  address = {{Sapin}},
  urldate = {2023-09-23},
  langid = {basque},
  file = {/home/juan/Nextcloud/EHUBOX/Zotero-liburutegia/E/Europako_Kontseilua_2004_Nire_hizkuntzea-biografia.pdf}
}


@book{europakokontseiluaNireHizkuntzenPasaportea2004,
  title = {{Nire hizkuntzen pasaportea. Hizkuntzen Portfolio Europarra. Lehen Hezkuntza (8-12 urte). Egiaztatutako eredua: N\textordmasculine{} 51.2003 zk.}},
  author = {{Europako Kontseilua}},
  year = {2004},
  edition = {euskara},
  publisher = {{Ministerio de Educaci\'on y Cultura (Esp)}},
  address = {{Sapin}},
  urldate = {2023-09-23},
  langid = {basque},
  file = {/home/juan/Nextcloud/EHUBOX/Zotero-liburutegia/E/Europako_Kontseilua_2004_Nire_hizkuntzen_pasaportea.pdf}
}


@book{beaccoLanguageDimensionAll2016,
  title = {The Language Dimension in All Subjects: A Handbook for Curriculum Development and Teacher Training},
  shorttitle = {The Language Dimension in All Subjects},
  author = {Beacco, Jean-Claude and Fleming, Mike and Goullier, Francis and Th{\"u}rmann, Eike and Vollmer, Helmut and Sheils, Joseph},
  year = {2016},
  series = {{{ACL-MIT Press}} Series in Natural-Language Processing},
  publisher = {{Council of Europe Publishing}},
  address = {{Strasbourg}},
  collaborator = {Europarat},
  isbn = {978-92-871-8232-6},
  langid = {english},
  file = {/home/juan/Zotero-db/storage/Q7Q8RYEI/Beacco et al. - 2016 - The language dimension in all subjects a handbook.pdf}
}


@misc{nafarroakogobernua.hizkuntzadepartamentuaPortfolioaNafarroanHastapenak2004,
  title = {{Portfolioa Nafarroan: Hastapenak / Fundamentos}},
  author = {{Nafarroako Gobernua. Hizkuntza Departamentua}},
  year = {2004},
  journal = {Portfolioa Nafarroan: Hastapenak / Fundamentos},
  urldate = {2023-09-23},
  howpublished = {http://eibz.educacion.navarra.es/baliabideak/portfolioa/cda/doc/e/kap\_01.html},
  langid = {eu / es},
  file = {/home/juan/Zotero-db/storage/BR4W2FSD/kap_01.html}
}


@misc{hezkuntzasailaHarreraPlanaIkasleBerrien2019,
  title = {{Harrera-Plana Ikasle berrien eta haien familien harrera bideratzeko ardunbideak Ikastetxeetarako gida praktikoa}},
  author = {{Hezkuntza Saila}},
  year = {2019},
  publisher = {{Eusko Jaurlaritza}},
  urldate = {2023-10-11},
  langid = {eus},
  file = {/home/juan/Nextcloud/EHUBOX/Zotero-liburutegia/H/Hezkuntza_Saila_2019_Harrera-Plana_Ikasle_berrien_eta_haien_familien_harrera_bideratzeko_ardunbideak.pdf}
}


@misc{berritzegunenagusiaIkastetxearenHizkuntzaProiektua2016,
  title = {{Ikastetxearen Hizkuntza Proiektua egiteko gida}},
  author = {{Berritzegune Nagusia} and {Zonako berritzeguneak} and {Hezkuntza ikuskaritza}},
  year = {2016},
  month = jan,
  publisher = {{Eusko Jaurlaritza Argitalpen Zerbitzu Nagusia}},
  langid = {basque},
  file = {/home/juan/Nextcloud/EHUBOX/Zotero-liburutegia/B/Berritzegune_Nagusia_et_al_2016_Ikastetxearen_Hizkuntza_Proiektua_egiteko_gida.pdf}
}


@misc{hezkuntzahizkuntzapolitikaetakulturasailaHeziberri2020Hezkuntzaeredu2015,
  title = {{Heziberri 2020. Hezkuntza-eredu pedagogikoaren markoa}},
  shorttitle = {{Heziberri2020. Marko pedagogikoa}},
  author = {{Hezkuntza, Hizkuntza Politika eta Kultura Saila}},
  year = {2015},
  month = may,
  publisher = {{Eusko Jaurlaritza}},
  urldate = {2023-10-13},
  langid = {eus},
  file = {/home/juan/Zotero-db/storage/462B6RLE/Heziberri_marco_modelo_educativo_pedagogico_e.pdf}
}

